%# -*- coding: utf-8-unix -*-

@book{Meta_CN,
  title = {电磁超介质及其应用},
  address = {北京},
  publisher = {国防工业出版社},
  year = {2008},
  author = {崔万照 and 马伟 and 邱乐德 and 张洪太}
}
@article{utgoff1989incremental,
	title={Incremental induction of decision trees},
	author={Utgoff, Paul E},
	journal={Machine learning},
	volume={4},
	number={2},
	pages={161--186},
	year={1989},
	publisher={Springer}
}
@article{polikar2001learn++,
	title={Learn++: An incremental learning algorithm for supervised neural networks},
	author={Polikar, Robi and Upda, Lalita and Upda, Satish S and Honavar, Vasant},
	journal={IEEE transactions on systems, man, and cybernetics, part C (applications and reviews)},
	volume={31},
	number={4},
	pages={497--508},
	year={2001},
	publisher={IEEE}
}

@inproceedings{diehl2003svm,
	title={SVM incremental learning, adaptation and optimization},
	author={Diehl, Christopher P and Cauwenberghs, Gert},
	booktitle={Neural Networks, 2003. Proceedings of the International Joint Conference on},
	volume={4},
	pages={2685--2690},
	year={2003},
	organization={IEEE}
}
@article{hinton2015distilling,
	title={Distilling the knowledge in a neural network},
	author={Hinton, Geoffrey and Vinyals, Oriol and Dean, Jeff},
	journal={arXiv preprint arXiv:1503.02531},
	year={2015}
}

@article{li2017learning,
	title={Learning without forgetting},
	author={Li, Zhizhong and Hoiem, Derek},
	journal={IEEE Transactions on Pattern Analysis and Machine Intelligence},
	year={2017},
	publisher={IEEE}
}

@inproceedings{rebuffi2017icarl,
	title={iCaRL: Incremental classifier and representation learning},
	author={Rebuffi, Sylvestre-Alvise and Kolesnikov, Alexander and Lampert, Christoph H},
	booktitle={Proc. CVPR},
	year={2017}
}
@article{rosenfeld2017incremental,
	title={Incremental Learning Through Deep Adaptation},
	author={Rosenfeld, Amir and Tsotsos, John K},
	journal={arXiv preprint arXiv:1705.04228},
	year={2017}
}

@article{yoon2017lifelong,
	title={Lifelong Learning with Dynamically Expandable Networks},
	author={Yoon, Jaehong and Yang, Eunho and others},
	journal={arXiv preprint arXiv:1708.01547},
	year={2017}
}
@article{rusu2016progressive,
	title={Progressive neural networks},
	author={Rusu, Andrei A and Rabinowitz, Neil C and Desjardins, Guillaume and Soyer, Hubert and Kirkpatrick, James and Kavukcuoglu, Koray and Pascanu, Razvan and Hadsell, Raia},
	journal={arXiv preprint arXiv:1606.04671},
	year={2016}
}

@article{sarwar2017incremental,
	title={Incremental Learning in Deep Convolutional Neural Networks Using Partial Network Sharing},
	author={Sarwar, Syed Shakib and Ankit, Aayush and Roy, Kaushik},
	journal={arXiv preprint arXiv:1712.02719},
	year={2017}
}
@inproceedings{deng2009imagenet,
	title={Imagenet: A large-scale hierarchical image database},
	author={Deng, Jia and Dong, Wei and Socher, Richard and Li, Li-Jia and Li, Kai and Fei-Fei, Li},
	booktitle={Computer Vision and Pattern Recognition, 2009. CVPR 2009. IEEE Conference on},
	pages={248--255},
	year={2009},
	organization={IEEE}
}
@inproceedings{xie2017aggregated,
	title={Aggregated residual transformations for deep neural networks},
	author={Xie, Saining and Girshick, Ross and Doll{\'a}r, Piotr and Tu, Zhuowen and He, Kaiming},
	booktitle={Computer Vision and Pattern Recognition (CVPR), 2017 IEEE Conference on},
	pages={5987--5995},
	year={2017},
	organization={IEEE}
}

